@article{banerjee2018comparative,
  title={A comparative study: Java vs kotlin programming in android application development},
  author={Banerjee, Madhurima and Bose, Subham and Kundu, Aditi and Mukherjee, Madhuleena},
  journal={International Journal of Advanced Research in Computer Science},
  volume={9},
  number={3},
  pages={41},
  year={2018},
  publisher={International Journal of Advanced Research in Computer Science}
}
@online{techyourchance,
  author = "Vasiliy",
  title = "Kotlin vs Java The Whole Story",
  url  = "https://www.techyourchance.com/kotlin-vs-java-whole-story/",
  addendum = "(accessed: 18.05.2020)",
  keywords = "kotlin,java,vasiliy"
}

@online{boilerplate,
  title = "Was versteht man unter einer Boilerplate?",
  url  = "https://kulturbanause.de/faq/boilerplate/",
  addendum = "(accessed: 18.05.2020)",
  keywords = "kotlin,java,boilerplate"
}
@book{moskala2017android,
  title={Android Development with Kotlin},
  author={Moskala, Marcin and Wojda, Igor},
  year={2017},
  publisher={Packt Publishing Ltd}
}
@book{samuel2017programming,
  title={Programming kotlin},
  author={Samuel, Stephen and Bocutiu, Stefan},
  year={2017},
  publisher={Packt Publishing Ltd}
}
@Misc{delegates,
author = {Husayn Hakeem},
title = {The magic in Kotlin: Delegates},
year = 2018,
day = 05,
month = {February},
note = {Accessed: 18. May 2020},
url = {https://proandroiddev.com/the-magic-in-kotlin-delegates-377d27a7b531}
}

